@article{paper1,
    author  = {CampÃªlo, R.A. and Casanova, M.A. and Guedes, D.O. and et al.},
    title   = {A brief survey on replica consistency in cloud environments.},
    journal = {J Internet Serv Appl},
    volume  = {11},
    number  = {1},
    year    = {2020},
    DOI     = {https://doi.org/10.1186/s13174-020-0122-y}
}

@article{paper2,
    author  = {Wu, C. and Sreekanti V. and Hellerstein J.M},
    title   = {Autoscaling tiered cloud storage in Anna.},
    journal = {The VLDB Journal},
    volume  = {30},
    pages   = {25-43},
    year    = {2021},
    DOI     = {https://doi.org/10.1007/s00778-020-00632-7}
}

@article{paper3,
    author  = {Waguia, JDK and Menshchikov, A.},
    title   = {Threats and Security Issues in Cloud Storage and Content Delivery Networks: Analysis.},
    journal = {2021 28th Conference of Open Innovations Association (FRUCT) and 2021 Open Innovations Association (FRUCT)},
    volume  = {28},
    pages   = {194-199},
    month   = {January},
    year    = {2021},
    DOI     = {https://doi:10.23919/FRUCT50888.2021.9347609}
}

@article{paper4,
    author  = {Lekshmi, MM and Subramanian, N.},
    title   = {Data Auditing in Cloud Storage using Smart Contract.},
    journal = {2020 Third International Conference on Smart Systems and Inventive Technology (ICSSIT), Smart Systems and Inventive Technology (ICSSIT)},
    volume  = {3},
    pages   = {999-1002},
    month   = {August},
    year    = {2020},
    DOI     = {https://doi:10.1109/ICSSIT48917.2020.9214112}
}

@article{paper5,
    author  = {Gajjam, MNS and Gunasekhar, DT.},
    title   = {Key challenges and research direction in cloud storage.},
    journal = {Materials Today: Proceedings.},
    month   = {January},
    year    = {2021},
    DOI     = {https://doi.org/10.1016/j.matpr.2021.01.609}
}